<record><leader>00000cas a2200000 a 4500</leader><controlfield tag="001">11793341</controlfield><controlfield tag="008">850312d19211926ksuwr ne      0   a0eng d</controlfield><datafield ind1=" " ind2=" " tag="010"><subfield code="a">sn 85029941 </subfield></datafield><datafield ind1=" " ind2=" " tag="040"><subfield code="a">KSH</subfield><subfield code="b">eng</subfield><subfield code="c">KSH</subfield><subfield code="d">NPT</subfield><subfield code="d">OCL</subfield><subfield code="d">OCLCQ</subfield></datafield><datafield ind1=" " ind2=" " tag="042"><subfield code="a">msc</subfield></datafield><datafield ind1="0" ind2="4" tag="245"><subfield code="a">The Randall enterprise.</subfield></datafield><datafield ind1=" " ind2=" " tag="260"><subfield code="a">Randall, Kan. :</subfield><subfield code="b">Carl Judge,</subfield><subfield code="c">-1926.</subfield></datafield><datafield ind1=" " ind2=" " tag="300"><subfield code="a">v. :</subfield><subfield code="b">ill. ;</subfield><subfield code="c">55 cm.</subfield></datafield><datafield ind1=" " ind2=" " tag="310"><subfield code="a">Weekly</subfield></datafield><datafield ind1="0" ind2=" " tag="362"><subfield code="a">-v. 6, no. 8 (Apr. 29, 1926).</subfield></datafield><datafield ind1="1" ind2=" " tag="362"><subfield code="a">Began in 1921.</subfield><subfield code="z">Cf. Ayer, 1924.</subfield></datafield><datafield ind1=" " ind2=" " tag="500"><subfield code="a">Published by: Walter A. Carlile, Aug. 2, 1923-Mar. 18, 1926; Hale &amp; Hale, Mar. 25-Apr. 29, 1926.</subfield></datafield><datafield ind1=" " ind2=" " tag="500"><subfield code="a">Printed at: Optimist office, Jamestown, Kan., Aug. 2, 1923-Mar. 18, 1926; Western advocate office, Mankato, Kan., Mar. 25-Apr. 29, 1926.</subfield></datafield><datafield ind1=" " ind2=" " tag="500"><subfield code="a">"Republican." Cf. Ayers, 1924.</subfield></datafield><datafield ind1=" " ind2=" " tag="588"><subfield code="a">Description based on: Vol. 1, no. 5 (Apr. 21, 1921).</subfield></datafield><datafield ind1=" " ind2=" " tag="752"><subfield code="a">United States</subfield><subfield code="b">Kansas</subfield><subfield code="c">Jewell</subfield><subfield code="d">Randall.</subfield></datafield><datafield ind1="0" ind2="4" tag="785"><subfield code="t">Western advocate (Burr Oak, Kan.)</subfield><subfield code="w">(DLC)sn 85029149</subfield></datafield></record>